
@article{Putri2021,
	title = {Psychiatric sequelae in COVID-19 survivors: A narrative review},
	author = {Putri, Cynthia and Arisa, Jessie and Hananto, Joshua Edward and Hariyanto, Timotius Ivan and Kurniawan, Andree},
	year = {2021},
	month = {10},
	date = {2021-10-19},
	journal = {World Journal of Psychiatry},
	pages = {821--829},
	volume = {11},
	number = {10},
	doi = {10.5498/wjp.v11.i10.821},
	url = {http://dx.doi.org/10.5498/wjp.v11.i10.821}
}
