@article{IOM.2011.org,
year = {2011},
title = {{Dietary Reference Intakes for Calcium and Vitamin D}},
author = {{Institute of Medicine}},
journal = {The National Academies Press},
doi = {10.17226/13050},
pages = {1-1115},
keywords = {},
local-url = {file://localhost/C:\Users\Minh-Anh\Documents\Papers%20Library\Medicine~-2011.pdf}
}
